@online{3b1beigen,
	title = {Eigenvectors and eigenvalues | Essence of linear algebra, chapter 14},
	date = {2016},
	organization = {3Blue1Brown},
	author = {Grant Sanderson},
	url = {https://www.youtube.com/watch?v=PFDu9oVAE-g},
}
